@book{strang,
author = {Strang, Gilbert},
address = {Massachusetts Institute of Technology},
copyright = {Gilbert Strang 2009},
edition = {4th edition. 2009},
isbn = {9780980232714},
title = {Introduction to Linear Algebra},
keywords = {Linear Algebras, Matrix Theory ; Mathematics},
language = {eng},
publisher = {Wellesley Cambridge Press},
series = {MIT Texts in Mathematics},
}

@book{nomizu,
author = {Nomizu, Katsumi},
address = {Brown University},
copyright = {McGraw-Hill, Inc 1966},
edition = {1st edition. 1966},
isbn = {9780070468801},
title = {Fundamentals of Linear Algebra},
keywords = {Linear Algebra, Matrix Theory ; Mathematics},
language = {eng},
publisher = {McGraw-Hill Book Company},
series = {Undergraduate Texts in Mathematics},
url={https://books.google.com/books?id=D2UPAQAAMAAJ}
}


@inbook{det,
    author ={Abramson, Jay},
    title = {College Algebra},
    publisher = {OpenStax},
    year = {Feb 13, 2015},
    chapter = {7},
    address = {Houston, Texas},
    language = {eng}
}


@article{frobenius,
author = {G. Frobenius},
title = {On linear substitutions and bilinear forms},
year = {1878},
}

@article{bromowich,
	Abstract = {THESE are Nos. 3, 4, and 5 of the Cambridge Tracts in Mathematics and Mathematical Physics, which are intended to help students by providing them with brief and readable introductions to mathematical theories which are important in themselves, and yet for various reasons do not appear in the ordinary text-books. If they serve their purpose they will induce their readers to follow up the paths they indicate, and try to explore still further the mazy garden of the mathematical muse.},
	Author = {M. , G.  B. },
	Da = {1907/07/01},
	Date-Added = {2022-10-18 16:02:48 +0000},
	Date-Modified = {2022-10-18 16:02:48 +0000},
	Doi = {10.1038/076245b0},
	Id = {M.1907},
	Isbn = {1476-4687},
	Journal = {Nature},
	Number = {1967},
	Pages = {245--246},
	Title = {Quadratic Forms and their Classification by Means of Invariant Factors The Axioms of Projective Geometry The Axioms of Descriptive Geometry},
	Ty = {JOUR},
	Url = {https://doi.org/10.1038/076245b0},
	Volume = {76},
	Year = {1907},
	Bdsk-Url-1 = {https://doi.org/10.1038/076245b0},
	Bdsk-Url-2 = {http://dx.doi.org/10.1038/076245b0}}



@article{history, 
title={An Earlier Date for 'Cramer's Rule'}, 
url={https://professorhedman.com/Cramers.Rule.pdf}, 
journal={Historia Mathematica 26}, 
author={Hedman, Bruce A},
keywords = {Linear Algebras, Matrix Theory ; Mathematics},
copyright = {Academic Press 1999},
address = {The University of Connecticut}
} 

@book{muir,
  title={The Theory of Determinants in the Historical Order of Development},
  author={Muir, T.},
  number={v. 3},
  lccn={07028512},
  series={The Theory of Determinants in the Historical Order of Development},
  url={https://books.google.com/books?id=6pcKAAAAYAAJ},
  year={1920},
  publisher={Macmillan and Company, limited}
}